@misc{topcu2024top1500,
author = {Topcu, Ali Cem},
title = {Top 1500 games on steam by revenue 09-09-2024},
year = {2024},
howpublished = {\url{https://www.kaggle.com/datasets/alicemtopcu/top-1500-games-on-steam-by-revenue-09-09-2024}},
note = {Acesso em: 2024-09-21}
}

@misc{professor_slides_2024parte1,
  author = {Prof. Dr. Ivan Carlos Alcântara de Oliveira},
  title = {Preparação e Pré-processamento dos dados Parte I},
  year = {2024},
  howpublished = {Slide de aula},
  note = {Acesso em: 2024-09-21}
}

@misc{professor_slides_2024parte2,
  author = {Prof. Dr. Ivan Carlos Alcântara de Oliveira},
  title = {Preparação e Pré-processamento dos dados Parte II},
  year = {2024},
  howpublished = {Slide de aula},
  note = {Acesso em: 2024-09-21}
}

@misc{professor_slides_2024parte3,
  author = {Prof. Dr. Ivan Carlos Alcântara de Oliveira},
  title = {Preparação e Pré-processamento dos dados Parte III},
  year = {2024},
  howpublished = {Slide de aula},
  note = {Acesso em: 2024-09-21}
}
